<?xml version="1.0" encoding="UTF-8"?><collection xmlns="http://www.loc.gov/MARC21/slim"><record><leader>00459nam--2200181-u-4500</leader><controlfield tag="001">000056938</controlfield><controlfield tag="002">20201028</controlfield><controlfield tag="005">20201028085358</controlfield><controlfield tag="008">201028s1000------------r-----000-0-eng-d</controlfield><datafield ind1=" " ind2=" " tag="040"><subfield code="a">IFIN-HH</subfield></datafield><datafield ind1=" " ind2=" " tag="041"><subfield code="a">eng</subfield></datafield><datafield ind1="1" ind2=" " tag="100"><subfield code="a">Apostol, Marian</subfield></datafield><datafield ind1="1" ind2="0" tag="245"><subfield code="a">Theory of Quanta</subfield><subfield code="c">Marian Apostol</subfield></datafield><datafield ind1=" " ind2=" " tag="260"><subfield code="a">New York</subfield><subfield code="b">Nova Science Publishers</subfield><subfield code="c">2019</subfield></datafield><datafield ind1=" " ind2=" " tag="300"><subfield code="a">244 p</subfield></datafield><datafield ind1=" " ind2=" " tag="500"><subfield code="a">Donatie Apostol Marian</subfield></datafield><datafield ind1=" " ind2=" " tag="852"><subfield code="a">82863</subfield><subfield code="c">530.14</subfield></datafield><datafield ind1=" " ind2=" " tag="CAT"><subfield code="a">SYS</subfield><subfield code="c">20201028</subfield><subfield code="h">085358</subfield></datafield></record></collection>